<?xml version="1.0" encoding="UTF-8"?><collection xmlns="http://www.loc.gov/MARC21/slim"><record><leader>00406nam--2200121-i-4500</leader><controlfield tag="001">000036938</controlfield><controlfield tag="002">20161230</controlfield><controlfield tag="005">20161230201041</controlfield><controlfield tag="008">060222s1000------------r-----000-0-eng-d</controlfield><datafield ind1=" " ind2=" " tag="080"><subfield code="a">539.186.2:539.125.4(043)</subfield></datafield><datafield ind1=" " ind2=" " tag="245"><subfield code="a">Population distributions:ii.charge exchange capture by protons incident upon grond stata atoms. abstract</subfield></datafield><datafield ind1=" " ind2=" " tag="260"><subfield code="a">Springfield,Virginia,Lawrence Radiation Laboratory. 27 P</subfield></datafield><datafield ind1=" " ind2=" " tag="852"><subfield code="a">43920</subfield></datafield></record></collection>